<marcx:record xmlns:marcx="info:lc/xmlns/marcxchange-v1"><marcx:leader>00000naai 22000000  4500</marcx:leader><marcx:datafield tag="001" ind1="0" ind2="0"><marcx:subfield code="a">30769430</marcx:subfield><marcx:subfield code="b">870976</marcx:subfield><marcx:subfield code="c">20081209222140</marcx:subfield><marcx:subfield code="d">20010822</marcx:subfield><marcx:subfield code="f">a</marcx:subfield></marcx:datafield><marcx:datafield tag="004" ind1="0" ind2="0"><marcx:subfield code="r">n</marcx:subfield><marcx:subfield code="a">i</marcx:subfield></marcx:datafield><marcx:datafield tag="008" ind1="0" ind2="0"><marcx:subfield code="t">a</marcx:subfield><marcx:subfield code="u">f</marcx:subfield><marcx:subfield code="a">2001</marcx:subfield><marcx:subfield code="b">dk</marcx:subfield><marcx:subfield code="d">s</marcx:subfield><marcx:subfield code="l">dan</marcx:subfield><marcx:subfield code="v">0</marcx:subfield></marcx:datafield><marcx:datafield tag="009" ind1="0" ind2="0"><marcx:subfield code="a">a</marcx:subfield><marcx:subfield code="g">xx</marcx:subfield></marcx:datafield><marcx:datafield tag="014" ind1="0" ind2="0"><marcx:subfield code="a">23570300</marcx:subfield><marcx:subfield code="x">ANM</marcx:subfield></marcx:datafield><marcx:datafield tag="032" ind1="0" ind2="0"><marcx:subfield code="x">DIA200135</marcx:subfield></marcx:datafield><marcx:datafield tag="245" ind1="0" ind2="0"><marcx:subfield code="a">[Diskodiagnose]</marcx:subfield></marcx:datafield><marcx:datafield tag="559" ind1="0" ind2="0"><marcx:subfield code="a">N*E*R*D (No-One Ever Really Dies) er også kendt som producerduoen The Neptunes, bestående af Pharrell Williams og Chad Hugo. For mig lyder det som om, de her forsøger sig ud i en fusion af \soul, r&amp;b, disco\ og \funk\. De kender helt sikkert Prince og en del af de gamle soul drenge fra 70'erne. Enkelte numre falder til jorden som ordinære, hvilket alene skyldes, at de står i skyggen af albummets mange overlegne skæringer, som vokser til uanede højder efter et par gennemlytninger. På enkelte numre bevæger de sig endda ud i minimalistisk funk, pendanten til Peaches' minimale techno, for eksempel på "Brain". Hvis ellers folk er lidt vovede, er der ingen grænser for, hvor mange hits denne plade kan præstere ud over "Provider", som allerede \er\ et hit</marcx:subfield></marcx:datafield><marcx:datafield tag="700" ind1="0" ind2="0"><marcx:subfield code="&amp;">ANM</marcx:subfield><marcx:subfield code="a">Mørk</marcx:subfield><marcx:subfield code="h">Søren</marcx:subfield></marcx:datafield><marcx:datafield tag="f70" ind1="0" ind2="0"><marcx:subfield code="a">B-48554.gif</marcx:subfield></marcx:datafield><marcx:datafield tag="l02" ind1="0" ind2="0"><marcx:subfield code="d">38256</marcx:subfield><marcx:subfield code="t">402</marcx:subfield><marcx:subfield code="t">Dr Hanz</marcx:subfield></marcx:datafield><marcx:datafield tag="l45" ind1="0" ind2="0"><marcx:subfield code="a">N.E.R.D.: In search of -</marcx:subfield></marcx:datafield><marcx:datafield tag="s10" ind1="0" ind2="0"><marcx:subfield code="a">DBC</marcx:subfield></marcx:datafield><marcx:datafield tag="x08" ind1="0" ind2="0"><marcx:subfield code="a">o</marcx:subfield></marcx:datafield><marcx:datafield tag="n55" ind1="0" ind2="0"><marcx:subfield code="a">20090205</marcx:subfield></marcx:datafield></marcx:record>
